<collection xmlns="http://www.loc.gov/MARC21/slim">
<record>
  <leader>00924nam0a22002171i 450 </leader>
  <controlfield tag="001">IT\ICCU\CNCE\052456</controlfield>
  <controlfield tag="005">20011103000000.0</controlfield>
  <datafield tag="012" ind1=" " ind2=" ">
    <subfield code="a">e-um *.s. n-o. schu (3) 1573 (R)</subfield>
    <subfield code="2">fei</subfield>
  </datafield>
  <datafield tag="100" ind1=" " ind2=" ">
    <subfield code="a">20011103d1573        0itac0103    ba</subfield>
  </datafield>
  <datafield tag="101" ind1=" " ind2=" ">
    <subfield code="a">LAT</subfield>
  </datafield>
  <datafield tag="102" ind1=" " ind2=" ">
    <subfield code="a">IT</subfield>
  </datafield>
  <datafield tag="200" ind1="1" ind2=" ">
    <subfield code="a">Stimulus pastorum ... per reuerendiss. d.d. Bartholomaeum a martyribus archiepiscopum Bracharensem, &amp; Hispaniae primatem</subfield>
  </datafield>
  <datafield tag="210" ind1=" " ind2=" ">
    <subfield code="a">Romae</subfield>
    <subfield code="c">apud haeredes Iulij Accolti</subfield>
    <subfield code="d">1573</subfield>
  </datafield>
  <datafield tag="215" ind1=" " ind2=" ">
    <subfield code="a">\6!, 108 c.</subfield>
    <subfield code="d">8ʻ</subfield>
  </datafield>
  <datafield tag="620" ind1=" " ind2=" ">
    <subfield code="a">IT</subfield>
    <subfield code="d">Roma</subfield>
  </datafield>
  <datafield tag="700" ind1=" " ind2="0">
    <subfield code="a">Bartholomeu</subfield>
    <subfield code="c"> : dos#Martyres</subfield>
    <subfield code="3">IT\ICCU\CNCA\001408</subfield>
  </datafield>
  <datafield tag="712" ind1="0" ind2="0">
    <subfield code="a">Accolti, Giulio - eredi</subfield>
    <subfield code="3">IT\ICCU\CNCT\000912</subfield>
    <subfield code="4">650</subfield>
  </datafield>
  <datafield tag="790" ind1=" " ind2="0">
    <subfield code="a">Bartholomaeus</subfield>
    <subfield code="c"> : a#Martyribus</subfield>
    <subfield code="3">IT\ICCU\CNCA\007714</subfield>
    <subfield code="z">Bartholomeu : dos#Martyres</subfield>
  </datafield>
  <datafield tag="790" ind1=" " ind2="1">
    <subfield code="a">Martires,</subfield>
    <subfield code="b">Bartolomeu dos</subfield>
    <subfield code="3">IT\ICCU\CNCA\012533</subfield>
    <subfield code="z">Bartholomeu : dos#Martyres</subfield>
  </datafield>
  <datafield tag="801" ind1=" " ind2="3">
    <subfield code="a">IT</subfield>
    <subfield code="b">ICCU</subfield>
    <subfield code="c">20201115</subfield>
  </datafield>
  <datafield tag="899" ind1=" " ind2=" ">
    <subfield code="a">Biblioteca dell&apos;Opera pia Missioni dal Monte. Bologna</subfield>
    <subfield code="1">BO0620</subfield>
    <subfield code="2">ZBO 74</subfield>
  </datafield>
</record>
</collection>
